%NO
@article{tsai2009intrusion,
  title={Intrusion detection by machine learning: A review},
  author={Tsai, Chih-Fong and Hsu, Yu-Feng and Lin, Chia-Ying and Lin, Wei-Yang},
  journal={Expert Systems with Applications},
  volume={36},
  number={10},
  pages={11994--12000},
  year={2009},
  publisher={Elsevier}
}

%YES
@inproceedings{sommer2010outside,
  title={Outside the closed world: On using machine learning for network intrusion detection},
  author={Sommer, Robin and Paxson, Vern},
  booktitle={Security and Privacy (SP), 2010 IEEE Symposium on},
  pages={305--316},
  year={2010},
  organization={IEEE}
}

%YES
@article{denning1987intrusion,
  title={An intrusion-detection model},
  author={Denning, Dorothy E},
  journal={IEEE Transactions on software engineering},
  number={2},
  pages={222--232},
  year={1987},
  publisher={IEEE}
}

%YES
@article{powers2008hybrid,
  title={A hybrid artificial immune system and Self Organising Map for network intrusion detection},
  author={Powers, Simon T and He, Jun},
  journal={Information Sciences},
  volume={178},
  number={15},
  pages={3024--3042},
  year={2008},
  publisher={Elsevier}
}

%YES
@inproceedings{dasgupta1996novelty,
  title={Novelty detection in time series data using ideas from immunology},
  author={Dasgupta, Dipankar and Forrest, Stephanie},
  booktitle={Proceedings of the international conference on intelligent systems},
  pages={82--87},
  year={1996}
}

%NO
@article{shon2007hybrid,
  title={A hybrid machine learning approach to network anomaly detection},
  author={Shon, Taeshik and Moon, Jongsub},
  journal={Information Sciences},
  volume={177},
  number={18},
  pages={3799--3821},
  year={2007},
  publisher={Elsevier}
}

%NO
@inproceedings{frank1994artificial,
  title={Artificial intelligence and intrusion detection: Current and future directions},
  author={Frank, Jeremy},
  booktitle={Proceedings of the 17th national computer security conference},
  volume={10},
  pages={1--12},
  year={1994},
  organization={Baltimore, MD}
}

%YES
@article{lin2015cann,
  title={CANN: An intrusion detection system based on combining cluster centers and nearest neighbors},
  author={Lin, Wei-Chao and Ke, Shih-Wen and Tsai, Chih-Fong},
  journal={Knowledge-based systems},
  volume={78},
  pages={13--21},
  year={2015},
  publisher={Elsevier}
}

%NO
@inproceedings{sabhnani2003application,
  title={Application of Machine Learning Algorithms to KDD Intrusion Detection Dataset within Misuse Detection Context.},
  author={Sabhnani, Maheshkumar and Serpen, G{\"u}rsel},
  booktitle={MLMTA},
  pages={209--215},
  year={2003}
}

%YES
@inproceedings{kim2001towards,
  title={Towards an artificial immune system for network intrusion detection: An investigation of clonal selection with a negative selection operator},
  author={Kim, Jungwon and Bentley, Peter J},
  booktitle={Evolutionary Computation, 2001. Proceedings of the 2001 Congress on},
  volume={2},
  pages={1244--1252},
  year={2001},
  organization={IEEE}
}

%YES
@inproceedings{tavallaee2009detailed,
  title={A detailed analysis of the KDD CUP 99 data set},
  author={Tavallaee, Mahbod and Bagheri, Ebrahim and Lu, Wei and Ghorbani, Ali A},
  booktitle={Computational Intelligence for Security and Defense Applications, 2009. CISDA 2009. IEEE Symposium on},
  pages={1--6},
  year={2009},
  organization={IEEE}
}

%YES
@inproceedings{hautamaki2004outlier,
  title={Outlier detection using k-nearest neighbour graph},
  author={Hautamaki, Ville and Karkkainen, Ismo and Franti, Pasi},
  booktitle={Pattern Recognition, 2004. ICPR 2004. Proceedings of the 17th International Conference on},
  volume={3},
  pages={430--433},
  year={2004},
  organization={IEEE}
}

%YES
@article{liao2002use,
  title={Use of k-nearest neighbor classifier for intrusion detection},
  author={Liao, Yihua and Vemuri, V Rao},
  journal={Computers \& security},
  volume={21},
  number={5},
  pages={439--448},
  year={2002},
  publisher={Elsevier}
}

%NO
@article{kotsiantis2006machine,
  title={Machine learning: a review of classification and combining techniques},
  author={Kotsiantis, Sotiris B and Zaharakis, Ioannis D and Pintelas, Panayiotis E},
  journal={Artificial Intelligence Review},
  volume={26},
  number={3},
  pages={159--190},
  year={2006},
  publisher={Kluwer Academic Publishers}
}

%NO
@article{zainal2009ensemble,
  title={Ensemble classifiers for network intrusion detection system},
  author={Zainal, Anazida and Maarof, Mohd Aizaini and Shamsuddin, Siti Mariyam and others},
  journal={Journal of Information Assurance and Security},
  volume={4},
  number={3},
  pages={217--225},
  year={2009}
}

%NO
@inproceedings{lazarevic2003comparative,
  title={A comparative study of anomaly detection schemes in network intrusion detection},
  author={Lazarevic, Aleksandar and Ertoz, Levent and Kumar, Vipin and Ozgur, Aysel and Srivastava, Jaideep},
  booktitle={Proceedings of the 2003 SIAM International Conference on Data Mining},
  pages={25--36},
  year={2003},
  organization={SIAM}
}

%YES
@techreport{securitysurvey2017,
  title={Cyber Security Breaches Survey},
  author={Rebecca K and Jayesh N S, Paul S and Tom R, Gemma P and Mark B, Victoria W},
  institution={Ipsos MORI Social Research Institute},
  year={2017}
}

%YES
@inproceedings{vasudevan2011ssenet,
  title={SSENet-2011: a network intrusion detection system dataset and its comparison with KDD CUP 99 dataset},
  author={Vasudevan, ARi and Harshini, E and Selvakumar, S},
  booktitle={Internet (AH-ICI), 2011 Second Asian Himalayas International Conference on},
  pages={1--5},
  year={2011},
  organization={IEEE}
}

%YES
@article{panda2012hybrid,
  title={A hybrid intelligent approach for network intrusion detection},
  author={Panda, Mrutyunjaya and Abraham, Ajith and Patra, Manas Ranjan},
  journal={Procedia Engineering},
  volume={30},
  pages={1--9},
  year={2012},
  publisher={Elsevier}
}

%YES
@inproceedings{Lee1999framework, 
author={Wenke Lee and S. J. Stolfo and K. W. Mok}, 
booktitle={Proceedings of the 1999 IEEE Symposium on Security and Privacy (Cat. No.99CB36344)}, 
title={A data mining framework for building intrusion detection models}, 
year={1999}, 
volume={}, 
number={}, 
pages={120-132}, 
keywords={auditing;authorisation;computer network management;data mining;expert systems;learning (artificial intelligence);1998 DARPA Intrusion Detection Evaluation Program;IDS update;anomaly detection;association rules;auditing programs;co-operative learning;data mining framework;expert knowledge;frequent episodes;host session;intrusion detection models;manual encoding;meta detection model;meta-learning;misuse detection;multiple models;network connection;upgraded computing environments;Buildings;Computer networks;Computer science;Data mining;Data security;Encoding;Gas detectors;Identity-based encryption;Intrusion detection;Protection}, 
doi={10.1109/SECPRI.1999.766909}, 
ISSN={1081-6011}, 
month={}
}

%YES
@article{Ilgun1995rule, 
author={K. Ilgun and R. A. Kemmerer and P. A. Porras}, 
journal={IEEE Transactions on Software Engineering}, 
title={State transition analysis: a rule-based intrusion detection approach}, 
year={1995}, 
volume={21}, 
number={3}, 
pages={181-199}, 
keywords={access control;authorisation;expert systems;real-time systems;safety systems;security of data;STAT;USTAT;Unix specific prototype;computer penetrations;critical events;graphical representation;intrusion detection tools;rule based expert system;rule-based intrusion detection approach;state changes;state transition analysis;state transition diagrams;Computer science;Computer security;Data analysis;Data security;Expert systems;Information analysis;Intrusion detection;Prototypes;Research and development;Software}, 
doi={10.1109/32.372146}, 
ISSN={0098-5589}, 
month={Mar}
}

%YES
@INPROCEEDINGS{Lippmann2000darpa, 
author={R. P. Lippmann and D. J. Fried and I. Graf and J. W. Haines and K. R. Kendall and D. McClung and D. Weber and S. E. Webster and D. Wyschogrod and R. K. Cunningham and M. A. Zissman}, 
booktitle={DARPA Information Survivability Conference and Exposition, 2000. DISCEX '00. Proceedings}, 
title={Evaluating intrusion detection systems: the 1998 DARPA off-line intrusion detection evaluation}, 
year={2000}, 
volume={2}, 
number={}, 
pages={12-26 vol.2}, 
keywords={safety systems;security of data;DARPA off-line intrusion detection evaluation;automated attacks;denial-of-service;intrusion detection systems;remote-to-local;rule-based approaches;user to root;Arm;Automatic testing;Contracts;Electrical capacitance tomography;Government;Internet;Intrusion detection;Laboratories;Read only memory;Training data}, 
doi={10.1109/DISCEX.2000.821506}, 
ISSN={}, 
month={}
}

%YES
@article{dhanabal2015study,
  title={A study on NSL-KDD dataset for intrusion detection system based on classification algorithms},
  author={Dhanabal, L and Shantharajah, SP},
  journal={International Journal of Advanced Research in Computer and Communication Engineering},
  volume={4},
  number={6},
  pages={446--452},
  year={2015}
}

%YES
@inproceedings{Javitz1994TheNS,
  title={The NIDES Statistical Component Description and Justification},
  author={Harold S. Javitz and Alfonso Valdes and Greg Breen and Robert D. Patton},
  year={1994}
}

%YES
@inproceedings{ryan1998intrusion,
  title={Intrusion detection with neural networks},
  author={Ryan, Jake and Lin, Meng-Jang and Miikkulainen, Risto},
  booktitle={Advances in neural information processing systems},
  pages={943--949},
  year={1998}
}

%YES
@inproceedings{lei2004network,
  title={Network intrusion detection using an improved competitive learning neural network},
  author={Lei, John Zhong and Ghorbani, Ali},
  booktitle={Communication Networks and Services Research, 2004. Proceedings. Second Annual Conference on},
  pages={190--197},
  year={2004},
  organization={IEEE}
}

%YES
@inproceedings{debar1992neural,
  title={A neural network component for an intrusion detection system},
  author={Debar, Herve and Becker, Monique and Siboni, Didier},
  booktitle={Research in Security and Privacy, 1992. Proceedings., 1992 IEEE Computer Society Symposium on},
  pages={240--250},
  year={1992},
  organization={IEEE}
}

%YES
@article{kim2007immune,
  title={Immune system approaches to intrusion detection--a review},
  author={Kim, Jungwon and Bentley, Peter J and Aickelin, Uwe and Greensmith, Julie and Tedesco, Gianni and Twycross, Jamie},
  journal={Natural computing},
  volume={6},
  number={4},
  pages={413--466},
  year={2007},
  publisher={Springer}
}

%SVM are faster but only binary classification
%NN can do multi-class identification 
%NN and SVM are both highly accurate
@inproceedings{mukkamala2002intrusion,
  title={Intrusion detection using neural networks and support vector machines},
  author={Mukkamala, Srinivas and Janoski, Guadalupe and Sung, Andrew},
  booktitle={Neural Networks, 2002. IJCNN'02. Proceedings of the 2002 International Joint Conference on},
  volume={2},
  pages={1702--1707},
  year={2002},
  organization={IEEE}
}

%77.3% detection rate
%detection rate can be improved but need sequenced data
@inproceedings{ghosh1999study,
  title={A Study in Using Neural Networks for Anomaly and Misuse Detection.},
  author={Ghosh, Anup K and Schwartzbard, Aaron},
  booktitle={USENIX security symposium},
  volume={99},
  pages={12},
  year={1999}
}

%Neural networks " is that they do not provide a descriptive model that explains why a particular detection decision has been taken. "
@article{garcia2009anomaly,
  title={Anomaly-based network intrusion detection: Techniques, systems and challenges},
  author={Garcia-Teodoro, Pedro and Diaz-Verdejo, J and Maci{\'a}-Fern{\'a}ndez, Gabriel and V{\'a}zquez, Enrique},
  journal={computers \& security},
  volume={28},
  number={1},
  pages={18--28},
  year={2009},
  publisher={Elsevier}
}

%First paper to use RNN on NIDS
@inproceedings{debar1992application,
  title={An application of a recurrent network to an intrusion detection system},
  author={Debar, Herv{\'e} and Dorizzi, Bernadette},
  booktitle={Neural Networks, 1992. IJCNN., International Joint Conference on},
  volume={2},
  pages={478--483},
  year={1992},
  organization={IEEE}
}

%Neural networks scale well with large number of data points, ideal for use with dataset with lots of features.
@article{sung1998ranking,
  title={Ranking importance of input parameters of neural networks},
  author={Sung, AH},
  journal={Expert Systems with Applications},
  volume={15},
  number={3},
  pages={405--411},
  year={1998},
  publisher={Elsevier}
}

%Neural networks are good at clasifying results for network intrusions into multiple categories
@inproceedings{moradi2004neural,
  title={A neural network based system for intrusion detection and classification of attacks},
  author={Moradi, Mehdi and Zulkernine, Mohammad},
  booktitle={Proceedings of the IEEE International Conference on Advances in Intelligent Systems-Theory and Applications},
  pages={15--18},
  year={2004}
}

@inproceedings{liu2002comparison,
  title={A comparison of input representations in neural networks: a case study in intrusion detection},
  author={Liu, Zhen and Florez, German and Bridges, Susan M},
  booktitle={Neural Networks, 2002. IJCNN'02. Proceedings of the 2002 International Joint Conference on},
  volume={2},
  pages={1708--1713},
  year={2002},
  organization={IEEE}
}

@inproceedings{zhang2001hide,
  title={HIDE: a hierarchical network intrusion detection system using statistical preprocessing and neural network classification},
  author={Zhang, Zheng and Li, Jun and Manikopoulos, CN and Jorgenson, Jay and Ucles, Jose},
  booktitle={Proc. IEEE Workshop on Information Assurance and Security},
  pages={85--90},
  year={2001}
}

%good performance
@article{lee2001training,
  title={Training a neural-network based intrusion detector to recognize novel attacks},
  author={Lee, Susan C and Heinbuch, David V},
  journal={IEEE Transactions on systems, man, and Cybernetics-Part A: Systems and Humans},
  volume={31},
  number={4},
  pages={294--299},
  year={2001},
  publisher={IEEE}
}

%very good perforamnce
@inproceedings{linda2009neural,
  title={Neural network based intrusion detection system for critical infrastructures},
  author={Linda, Ondrej and Vollmer, Todd and Manic, Milos},
  booktitle={Neural Networks, 2009. IJCNN 2009. International Joint Conference on},
  pages={1827--1834},
  year={2009},
  organization={IEEE}
}

@article{caudill1987neural,
  title={Neural networks primer, part I},
  author={Caudill, Maureen},
  journal={AI expert},
  volume={2},
  number={12},
  pages={46--52},
  year={1987},
  publisher={Miller Freeman, Inc.}
}

@article{vokorokos2006intrusion,
  title={Intrusion detection system using self organizing map},
  author={Vokorokos, Liberios and Balaz, Anton and Chovanec, Martin},
  journal={Acta Electrotechnica et Informatica},
  volume={6},
  number={1},
  pages={1--6},
  year={2006}
}

@inproceedings{ramadas2003detecting,
  title={Detecting anomalous network traffic with self-organizing maps},
  author={Ramadas, Manikantan and Ostermann, Shawn and Tjaden, Brett},
  booktitle={International Workshop on Recent Advances in Intrusion Detection},
  pages={36--54},
  year={2003},
  organization={Springer}
}

%70ish percent detection rate
@inproceedings{lichodzijewski2002dynamic,
  title={Dynamic intrusion detection using self-organizing maps},
  author={Lichodzijewski, Peter and Zincir-Heywood, A Nur and Heywood, Malcolm I},
  booktitle={The 14th Annual Canadian Information Technology Security Symposium (CITSS)},
  year={2002}
}

%"This approach is particularly powerful because the self-organizing mapnever needsto be toldwhat intrusive behavior looks like.  By learning to characterize normal be-havior, it implicitly prepares itself to detect any aberrant network activity."%
@inproceedings{rhodes2000multiple,
  title={Multiple self-organizing maps for intrusion detection},
  author={Rhodes, Brandon Craig and Mahaffey, James A and Cannady, James D},
  booktitle={Proceedings of the 23rd national information systems security conference},
  pages={16--19},
  year={2000}
}

@article{kohonen1982self,
  title={Self-organized formation of topologically correct feature maps},
  author={Kohonen, Teuvo},
  journal={Biological cybernetics},
  volume={43},
  number={1},
  pages={59--69},
  year={1982},
  publisher={Springer}
}

@INPROCEEDINGS{kayacik2003som, 
author={H. G. Kayacik and A. N. Zincir-Heywood and M. I. Heywood}, 
booktitle={Proceedings of the International Joint Conference on Neural Networks, 2003.}, 
title={On the capability of an SOM based intrusion detection system}, 
year={2003}, 
volume={3}, 
number={}, 
pages={1808-1813 vol.3}, 
keywords={data mining;learning (artificial intelligence);security of data;self-organising feature maps;unsupervised learning;KDD benchmark dataset;SOM;computer network;data mining tools competition;international knowledge discovery;intrusion detection system;self-organizing feature maps;unsupervised learning;Computer networks;Computer science;Computer vision;Data mining;Internet;Intrusion detection;Knowledge based systems;Monitoring;Neurons;Testing}, 
doi={10.1109/IJCNN.2003.1223682}, 
ISSN={1098-7576}, 
month={July}
}

@article{depren2005intelligent,
  title={An intelligent intrusion detection system (IDS) for anomaly and misuse detection in computer networks},
  author={Depren, Ozgur and Topallar, Murat and Anarim, Emin and Ciliz, M Kemal},
  journal={Expert systems with Applications},
  volume={29},
  number={4},
  pages={713--722},
  year={2005},
  publisher={Elsevier}
}

@article{tong2009research,
  title={A research using hybrid RBF/Elman neural networks for intrusion detection system secure model},
  author={Tong, Xiaojun and Wang, Zhu and Yu, Haining},
  journal={Computer physics communications},
  volume={180},
  number={10},
  pages={1795--1801},
  year={2009},
  publisher={Elsevier}
}

@article{jain2000statistical,
  title={Statistical pattern recognition: A review},
  author={Jain, Anil K and Duin, Robert P. W. and Mao, Jianchang},
  journal={IEEE Transactions on pattern analysis and machine intelligence},
  volume={22},
  number={1},
  pages={4--37},
  year={2000},
  publisher={Ieee}
}

@book{de2002artificial,
  title={Artificial immune systems: a new computational intelligence approach},
  author={De Castro, Leandro Nunes and Timmis, Jonathan},
  year={2002},
  publisher={Springer Science \& Business Media}
}

@inproceedings{forrest1994self,
  title={Self-nonself discrimination in a computer},
  author={Forrest, Stephanie and Perelson, Alan S and Allen, Lawrence and Cherukuri, Rajesh},
  booktitle={Research in Security and Privacy, 1994. Proceedings., 1994 IEEE Computer Society Symposium on},
  pages={202--212},
  year={1994},
  organization={Ieee}
}

@article{gonzalez2003anomaly,
  title={Anomaly detection using real-valued negative selection},
  author={Gonz{\'a}lez, Fabio A and Dasgupta, Dipankar},
  journal={Genetic Programming and Evolvable Machines},
  volume={4},
  number={4},
  pages={383--403},
  year={2003},
  publisher={Springer}
}

@inproceedings{kim2001evaluation,
  title={An evaluation of negative selection in an artificial immune system for network intrusion detection},
  author={Kim, Jungwon and Bentley, Peter J},
  booktitle={Proceedings of the 3rd Annual Conference on Genetic and Evolutionary Computation},
  pages={1330--1337},
  year={2001},
  organization={Morgan Kaufmann Publishers Inc.}
}

@article{dasgupta2002immunity,
  title={An immunity-based technique to characterize intrusions in computer networks},
  author={Dasgupta, Dipankar and Gonz{\'a}lez, Fabio},
  journal={IEEE transactions on Evolutionary Computation},
  volume={6},
  number={3},
  pages={281--291},
  year={2002},
  publisher={IEEE}
}

@inproceedings{zhang2006hybrid,
  title={A hybrid network intrusion detection technique using random forests},
  author={Zhang, Jiong and Zulkernine, Mohammad},
  booktitle={Availability, Reliability and Security, 2006. ARES 2006. The First International Conference on},
  pages={8--pp},
  year={2006},
  organization={IEEE}
}

@online{pyqt5,
  author = {PSF},
  title = {PyQt5},
  year = 2018,
  url = {https://pypi.python.org/pypi/PyQt5},
  urldate = {2018-03-14}
}

@inproceedings{moustafa2015unsw,
  title={UNSW-NB15: a comprehensive data set for network intrusion detection systems (UNSW-NB15 network data set)},
  author={Moustafa, Nour and Slay, Jill},
  booktitle={Military Communications and Information Systems Conference (MilCIS), 2015},
  pages={1--6},
  year={2015},
  organization={IEEE}
}

@article{moustafa2016evaluation,
  title={The evaluation of Network Anomaly Detection Systems: Statistical analysis of the UNSW-NB15 data set and the comparison with the KDD99 data set},
  author={Moustafa, Nour and Slay, Jill},
  journal={Information Security Journal: A Global Perspective},
  volume={25},
  number={1-3},
  pages={18--31},
  year={2016},
  publisher={Taylor \& Francis}
}

@Article{matplotlib,
  Author    = {Hunter, J. D.},
  Title     = {Matplotlib: A 2D graphics environment},
  Journal   = {Computing In Science \& Engineering},
  Volume    = {9},
  Number    = {3},
  Pages     = {90--95},
  abstract  = {Matplotlib is a 2D graphics package used for Python
  for application development, interactive scripting, and
  publication-quality image generation across user
  interfaces and operating systems.},
  publisher = {IEEE COMPUTER SOC},
  doi       = {10.1109/MCSE.2007.55},
  year      = 2007
}

@InProceedings{pandas,
  author    = { Wes McKinney },
  title     = { Data Structures for Statistical Computing in Python },
  booktitle = { Proceedings of the 9th Python in Science Conference },
  pages     = { 51 - 56 },
  year      = { 2010 },
  editor    = { St\'efan van der Walt and Jarrod Millman }
}

@article{scikit,
  title={Scikit-learn: Machine learning in Python},
  author={Pedregosa, Fabian and Varoquaux, Ga{\"e}l and Gramfort, Alexandre and Michel, Vincent and Thirion, Bertrand and Grisel, Olivier and Blondel, Mathieu and Prettenhofer, Peter and Weiss, Ron and Dubourg, Vincent and others},
  journal={Journal of machine learning research},
  volume={12},
  number={Oct},
  pages={2825--2830},
  year={2011}
}
